<?xml version="1.0" encoding="UTF-8"?><record xmlns="http://www.loc.gov/MARC21/slim" xmlns:cinclude="http://apache.org/cocoon/include/1.0" xmlns:zs="http://www.loc.gov/zing/srw/">
  <leader>00645cz  a2200157n  4500</leader>
  <controlfield tag="001">no2001087796</controlfield>
  <controlfield tag="003">DLC</controlfield>
  <controlfield tag="005">20120815081254.0</controlfield>
  <controlfield tag="008">011104n| acannaabn          |n aaa      </controlfield>
  <datafield tag="010" ind1=" " ind2=" ">
    <subfield code="a">no2001087796</subfield>
  </datafield>
  <datafield tag="035" ind1=" " ind2=" ">
    <subfield code="a">(OCoLC)oca05618523</subfield>
  </datafield>
  <datafield tag="040" ind1=" " ind2=" ">
    <subfield code="a">DLC-ON</subfield>
    <subfield code="b">eng</subfield>
    <subfield code="c">DLC-ON</subfield>
    <subfield code="d">DLC</subfield>
  </datafield>
  <datafield tag="100" ind1="1" ind2=" ">
    <subfield code="a">Tewari, R. K.</subfield>
    <subfield code="c">Dr.</subfield>
  </datafield>
  <datafield tag="667" ind1=" " ind2=" ">
    <subfield code="a">THIS 1XX FIELD CANNOT BE USED UNDER RDA UNTIL THIS RECORD HAS BEEN REVIEWED AND/OR UPDATED</subfield>
  </datafield>
  <datafield tag="667" ind1=" " ind2=" ">
    <subfield code="a">Not same as: Tewari, R. K.</subfield>
  </datafield>
  <datafield tag="670" ind1=" " ind2=" ">
    <subfield code="a">Forensic science in India, 2001:</subfield>
    <subfield code="b">t.p. (Dr. R.K. Tewari) jkt. (chief forensic scientist and dir. (forensic sc.), Bureau of Police Res. &amp; Development, Min. of Home Affairs, New Delhi, India)</subfield>
  </datafield>
</record>